% PID-Control 1
@misc{ravi2023linefollower,
    author = {Ravi, Shyam},
    title = {How to Make a Line Follower Robot using PID Controller on Arduino},
    year = {2023},
    howpublished = {\url{https://www.youtube.com/watch?v=QoNkpnpvEqc}},
    note = {Accessed: 2024-06-12}
}

% PID-Control 2
@misc{aerospacecontrols2015pid,
    author = {{Aerospace Controls Lab}},
    title = {Introduction to Controlling Self-Driving Cars using PID-Control},
    year = {2015},
    howpublished = {\url{https://www.youtube.com/watch?v=QoNkpnpvEqc}},
    note = {[IEEE CSS Video Clip Contest 2015 Submission], Accessed: 2024-06-12}
}

% Planetary Gearbox
@article{iqsdirectory2024,
  title = {Planetary Gears: What Are They? How Do They Work? Types and Uses},
  author = {{IQS Directory}},
  year = {2024},
  journal = {IQS Directory},
  url = {https://www.iqsdirectory.com/articles/gears/planetary-gears.html},
  note = {Accessed: 2024-06-12}
}
